
@manual{Rrrtools,
  type = {manual},
  title = {Rrtools: {{Creates}} a Reproducible Research Compendium},
  author = {Marwick, Ben},
  date = {2019},
  url = {https://github.com/benmarwick/rrtools}
}


